101 02607315005146708492308311823A094101COMMUNITY FEDERAL SAVINInterCo                20230831
5225Rockland Trust                      011304478 PPDACCTVERIFY230831230831   1026073156669216
6260260731508897980656       0020000001AcimaDoLimite                        271026073150000001
799R10011304470013833      02607315                                            026073150000001
82250000020002607315000020000001000000000000011304478                          026073156669216
5225Rockland Trust                      011304478 PPDACCTVERIFY230831230831   1026073155046361
6260260731508891904049       0000010001SaldoInsuficiente                    271026073150000002
799R01011304470013835      02607315                                            026073150000002
82250000020002607315000000010001000000000000011304478                          026073155046361
5225Rockland Trust                      011304478 PPDACCTVERIFY230831230831   1026073154407410
6260260731508892910306       0000000002ContaForaDaGreenList                 271026073150000003
799R10011304470013832      02607315                                            026073150000003
82250000020002607315000000000002000000000000011304478                          026073154407410
5225Rockland Trust                      011304478 PPDACCTVERIFY230831230831   1026073150463372
6260260731508891204049       0000010001ContaNaoExiste                       271026073150000004
799R10011304470013834      02607315                                            026073150000004
82250000020002607315000000010001000000000000011304478                          026073150463372
5225Rockland Trust                      011304478 PPDACCTVERIFY230831230831   1026073157564945
6270260731508898709177       0000000011TransactionCode28ComValor            281026073150000005
799R10011304470013837      02607315                                            026073150000005
82250000020002607315000000000011000000000000011304478                          026073157564945
5225Rockland Trust                      011304478 PPDACCTVERIFY230831230831   1026073152519823
6360260731508893760888       0000000001TransactionCodeErrado                371026073150000006
799R10011304470013831      02607315                                            026073150000006
82250000020002607315000000000001000000000000011304478                          026073152519823
9000006000003000000120015643890000020020017000000000000                                       
9999999999999999999999999999999999999999999999999999999999999999999999999999999999999999999999
9999999999999999999999999999999999999999999999999999999999999999999999999999999999999999999999
9999999999999999999999999999999999999999999999999999999999999999999999999999999999999999999999
9999999999999999999999999999999999999999999999999999999999999999999999999999999999999999999999